%% LaTeX2e file `reference.bib'
%% generated by the `filecontents' environment
%% from source `yanputhesis-sample' on 2023/03/02.
%%
%--1--%
@Book{Knuth1986,
	Title                    = {The \TeX book},
	Author                   = {Donald~Ervin Knuth},
	Publisher                = {Addison-Wesley},
	Year                     = {1986}
}

@Book{Lamport1994,
	Title                    = {A Document Preparation System},
	Author                   = {Leslie Lamport},
	Publisher                = {Addison-Wesley},
	Year                     = {1994}
}

@Book{Liu2013,
	Title                    = {\LaTeX 入门},
	Author                   = {刘海洋},
	Publisher                = {电子工业出版社},
	Year                     = {2013}
}

@book{kimon_advances_2023,
  author    = {Kimon P. V.},
  title     = {Advances in Unmanned Aerial Vehicles},
  publisher = {Springer},
  year      = {2023},
  address   = {Dordrecht},
  note      = {SpringerLink}
}

@article{tomic2012toward,
  title={Toward a fully autonomous UAV: Research platform for indoor and outdoor urban search and rescue},
  author={Tomic, Teodor and Schmid, Korbinian and Lutz, Philipp and Domel, Andreas and Kassecker, Michael and Mair, Elmar and Grixa, Iris Lynne and Ruess, Felix and Suppa, Michael and Burschka, Darius},
  journal={IEEE robotics \& automation magazine},
  volume={19},
  number={3},
  pages={46--56},
  year={2012},
  publisher={IEEE}
}

@article{suarez2020benchmarks,
  title={Benchmarks for aerial manipulation},
  author={Suarez, Alejandro and Vega, Victor M and Fernandez, Manuel and Heredia, Guillermo and Ollero, Anibal},
  journal={IEEE Robotics and Automation Letters},
  volume={5},
  number={2},
  pages={2650--2657},
  year={2020},
  publisher={IEEE}
}

@article{beul2018fast,
  title={Fast autonomous flight in warehouses for inventory applications},
  author={Beul, Marius and Droeschel, David and Nieuwenhuisen, Matthias and Quenzel, Jan and Houben, Sebastian and Behnke, Sven},
  journal={IEEE Robotics and Automation Letters},
  volume={3},
  number={4},
  pages={3121--3128},
  year={2018},
  publisher={IEEE}
}

@article{刘昂2020基于,
  title={基于 A* 和鸽群算法的快递无人机航路规划},
  author={刘昂 and 蒋近 and 许迪文},
  journal={飞行力学},
  volume={3},
  pages={34--40},
  year={2020}
}

@article{harikumar2018multi,
  title={Multi-UAV oxyrrhis marina-inspired search and dynamic formation control for forest firefighting},
  author={Harikumar, K and Senthilnath, J and Sundaram, Suresh},
  journal={IEEE Transactions on Automation Science and Engineering},
  volume={16},
  number={2},
  pages={863--873},
  year={2018},
  publisher={IEEE}
}

@article{nuske2015autonomous,
  title={Autonomous exploration and motion planning for an unmanned aerial vehicle navigating rivers},
  author={Nuske, Stephen and Choudhury, Sanjiban and Jain, Sezal and Chambers, Andrew and Yoder, Luke and Scherer, Sebastian and Chamberlain, Lyle and Cover, Hugh and Singh, Sanjiv},
  journal={Journal of Field Robotics},
  volume={32},
  number={8},
  pages={1141--1162},
  year={2015},
  publisher={Wiley Online Library}
}

@article{klausen2018cooperative,
  title={Cooperative control for multirotors transporting an unknown suspended load under environmental disturbances},
  author={Klausen, Kristian and Meissen, Chris and Fossen, Thor I and Arcak, Murat and Johansen, Tor Arne},
  journal={IEEE Transactions on Control Systems Technology},
  volume={28},
  number={2},
  pages={653--660},
  year={2018},
  publisher={IEEE}
}

@inproceedings{cruz2014autonomous,
  title={Autonomous lift of a cable-suspended load by an unmanned aerial robot},
  author={Cruz, Patricio and Fierro, Rafael},
  booktitle={2014 IEEE conference on control applications (CCA)},
  pages={802--807},
  year={2014},
  organization={IEEE}
}

@article{Khalifa2017,
  author = {Khalifa, A. and Fanni, M.},
  title = {A new quadrotor manipulation system: Modeling and point-to-point task space control},
  journal = {International Journal of Control, Automation and Systems},
  year = {2017},
  volume = {15},
  pages = {1434--1446}
}

@article{2020A,
  title={A Survey on Load Transportation Using Multirotor UAVs},
  author={ Villa, Daniel K. D. and Brando, Alexandre S. and Mário Sarcinelli-Filho},
  journal={Journal of Intelligent \& Robotic Systems},
  volume={98},
  number={2},
  pages={267-296},
  year={2020},
}



%--2--%

%--3--%

%--4--%
@inproceedings{cheng2023difftune,
  title={DiffTune $\^{}+ $: Hyperparameter-Free Auto-Tuning using Auto-Differentiation},
  author={Cheng, Sheng and Song, Lin and Kim, Minkyung and Wang, Shenlong and Hovakimyan, Naira},
  booktitle={Learning for Dynamics and Control Conference},
  pages={170--183},
  year={2023},
  organization={PMLR}
}

%--5--%

%--6--%